@article{grosenick2011family,
	title={A family of interpretable multivariate models for regression and classification of whole-brain fMRI data},
	author={Grosenick, L and Klingenberg, B and Knutson, B and Taylor, JE},
	journal={arXiv preprint arXiv:1110.4139},
	year={2011},
	publisher={Citeseer}
}

@inproceedings{ng2011generalized,
	title={Generalized sparse regularization with application to fMRI brain decoding},
	author={Ng, Bernard and Abugharbieh, Rafeef},
	booktitle={Biennial International Conference on Information Processing in Medical Imaging},
	pages={612--623},
	year={2011},
	organization={Springer}
}

@article{real2017neural,
	title={Neural Circuit Inference from Function to Structure},
	author={Real, Esteban and Asari, Hiroki and Gollisch, Tim and Meister, Markus},
	journal={Current Biology},
	year={2017},
	publisher={Elsevier}
}
@article{candes2008enhancing,
	title={Enhancing sparsity by reweighted ℓ1 minimization},
	author={Candes, Emmanuel J and Wakin, Michael B and Boyd, Stephen P},
	journal={Journal of Fourier analysis and applications},
	volume={14},
	number={5-6},
	pages={877--905},
	year={2008},
	publisher={Springer}
}

@article{shimamura2007weighted,
	title={Weighted lasso in graphical Gaussian modeling for large gene network estimation based on microarray data},
	author={Shimamura, Teppei and Imoto, Seiya and Yamaguchi, Rui and Miyano, Satoru},
	journal={Genome Informatics},
	volume={19},
	pages={142--153},
	year={2007},
	publisher={Japanese Society for Bioinformatics}
}

@inproceedings{craddock2014preprocessed,
	title={Preprocessed connectomes project: open sharing of preprocessed neuroimaging data and derivatives},
	author={Craddock, Cameron},
	booktitle={61st Annual Meeting},
	year={2014},
	organization={AACAP}
}

@article{thirion2014fmri,
	title={Which fMRI clustering gives good brain parcellations?},
	author={Thirion, Bertrand and Varoquaux, Ga{\"e}l and Dohmatob, Elvis and Poline, Jean-Baptiste},
	journal={Frontiers in neuroscience},
	volume={8},
	pages={167},
	year={2014},
	publisher={Frontiers}
}

@article{craddock2015connectomics,
	title={Connectomics and new approaches for analyzing human brain functional connectivity},
	author={Craddock, R Cameron and Tungaraza, Rosalia L and Milham, Michael P},
	journal={GigaScience},
	volume={4},
	number={1},
	pages={13},
	year={2015},
	publisher={BioMed Central}
}

@article{zhao2014direct,
	title={Direct estimation of differential networks},
	author={Zhao, Sihai Dave and Cai, T Tony and Li, Hongzhe},
	journal={Biometrika},
	pages={asu009},
	year={2014},
	publisher={Biometrika Trust}
}

@inproceedings{ng2013novel,
	title={A novel sparse group Gaussian graphical model for functional connectivity estimation},
	author={Ng, Bernard and Varoquaux, Ga{\"e}l and Poline, Jean Baptiste and Thirion, Bertrand},
	booktitle={International Conference on Information Processing in Medical Imaging},
	pages={256--267},
	year={2013},
	organization={Springer}
}

@article{abraham2014machine,
	title={Machine learning for neuroimaging with scikit-learn},
	author={Abraham, Alexandre and Pedregosa, Fabian and Eickenberg, Michael and Gervais, Philippe and Muller, Andreas and Kossaifi, Jean and Gramfort, Alexandre and Thirion, Bertrand and Varoquaux, G{\"a}el},
	journal={arXiv preprint arXiv:1412.3919},
	year={2014}
}

@inproceedings{liu2011learning,
	title={Learning Scale Free Networks by Reweighted L1 regularization.},
	author={Liu, Qiang and Ihler, Alexander T},
	booktitle={AISTATS},
	pages={40--48},
	year={2011}
}

@article{cai2011constrained,
	title={A constrained ℓ 1 minimization approach to sparse precision matrix estimation},
	author={Cai, Tony and Liu, Weidong and Luo, Xi},
	journal={Journal of the American Statistical Association},
	volume={106},
	number={494},
	pages={594--607},
	year={2011},
	publisher={Taylor \& Francis}
}

@article{watts1998collective,
	title={Collective dynamics of ‘small-world’networks},
	author={Watts, Duncan J and Strogatz, Steven H},
	journal={nature},
	volume={393},
	number={6684},
	pages={440--442},
	year={1998},
	publisher={Nature Publishing Group}
}

@article{vertes2012simple,
	title={Simple models of human brain functional networks},
	author={V{\'e}rtes, Petra E and Alexander-Bloch, Aaron F and Gogtay, Nitin and Giedd, Jay N and Rapoport, Judith L and Bullmore, Edward T},
	journal={Proceedings of the National Academy of Sciences},
	volume={109},
	number={15},
	pages={5868--5873},
	year={2012},
	publisher={National Acad Sciences}
}

@article{banerjee2008model,
	title={Model selection through sparse maximum likelihood estimation for multivariate gaussian or binary data},
	author={Banerjee, Onureena and Ghaoui, Laurent El and d’Aspremont, Alexandre},
	journal={Journal of Machine Learning Research},
	volume={9},
	number={Mar},
	pages={485--516},
	year={2008}
}

@article{friedman2008sparse,
	title={Sparse inverse covariance estimation with the graphical lasso},
	author={Friedman, Jerome and Hastie, Trevor and Tibshirani, Robert},
	journal={Biostatistics},
	volume={9},
	number={3},
	pages={432--441},
	year={2008},
	publisher={Biometrika Trust}
}

@article{smith2013functional,
	title={Functional connectomics from resting-state fMRI},
	author={Smith, Stephen M and Vidaurre, Diego and Beckmann, Christian F and Glasser, Matthew F and Jenkinson, Mark and Miller, Karla L and Nichols, Thomas E and Robinson, Emma C and Salimi-Khorshidi, Gholamreza and Woolrich, Mark W and others},
	journal={Trends in cognitive sciences},
	volume={17},
	number={12},
	pages={666--682},
	year={2013},
	publisher={Elsevier}
}

@article{baldassano2012voxel,
	title={Voxel-level functional connectivity using spatial regularization},
	author={Baldassano, Christopher and Iordan, Marius C{\u{a}}t{\u{a}}lin and Beck, Diane M and Fei-Fei, Li},
	journal={Neuroimage},
	volume={63},
	number={3},
	pages={1099--1106},
	year={2012},
	publisher={Elsevier}
}

@article{monti2015learning,
	title={Learning population and subject-specific brain connectivity networks via Mixed Neighborhood Selection},
	author={Monti, Ricardo Pio and Anagnostopoulos, Christoforos and Montana, Giovanni},
	journal={arXiv preprint arXiv:1512.01947},
	year={2015}
}

@article{uddin2013salience,
	title={Salience network--based classification and prediction of symptom severity in children with autism},
	author={Uddin, Lucina Q and Supekar, Kaustubh and Lynch, Charles J and Khouzam, Amirah and Phillips, Jennifer and Feinstein, Carl and Ryali, Srikanth and Menon, Vinod},
	journal={JAMA psychiatry},
	volume={70},
	number={8},
	pages={869--879},
	year={2013},
	publisher={American Medical Association}
}

@book{lauritzen1996graphical,
	title={Graphical models},
	author={Lauritzen, Steffen L},
	volume={17},
	year={1996},
	publisher={Clarendon Press}
}

@article{koller2007graphical,
	title={Graphical models in a nutshell in Introduction to Statistical Relational Learning},
	author={Koller, D and Freedman, N and Getoor, L and Taskar, B},
	journal={Stanford},
	year={2007}
}

@article{fan2013statistical,
	title={Statistical analysis of big data on pharmacogenomics},
	author={Fan, Jianqing and Liu, Han},
	journal={Advanced drug delivery reviews},
	volume={65},
	number={7},
	pages={987--1000},
	year={2013},
	publisher={Elsevier}
}

@article{wang2016constrained,
  title={A constrained L1 minimization approach for estimating multiple Sparse Gaussian or Nonparanormal Graphical Models},
  author={Wang, Beilun and Singh, Ritambhara and Qi, Yanjun},
  journal={arXiv preprint arXiv:1605.03468},
  year={2016}
}

@article{monti2015learning,
	title={Learning population and subject-specific brain connectivity networks via Mixed Neighborhood Selection},
	author={Monti, Ricardo Pio and Anagnostopoulos, Christoforos and Montana, Giovanni},
	journal={arXiv preprint arXiv:1512.01947},
	year={2015}
}

@article{chiquet2011inferring,
	title={Inferring multiple graphical structures},
	author={Chiquet, Julien and Grandvalet, Yves and Ambroise, Christophe},
	journal={Statistics and Computing},
	volume={21},
	number={4},
	pages={537--553},
	year={2011},
	publisher={Springer}
}

@article{danaher2014joint,
	title={The joint graphical lasso for inverse covariance estimation across multiple classes},
	author={Danaher, Patrick and Wang, Pei and Witten, Daniela M},
	journal={Journal of the Royal Statistical Society: Series B (Statistical Methodology)},
	volume={76},
	number={2},
	pages={373--397},
	year={2014},
	publisher={Wiley Online Library}
}

@article{dosenbach2010prediction,
	title={Prediction of individual brain maturity using fMRI},
	author={Dosenbach, Nico UF and Nardos, Binyam and Cohen, Alexander L and Fair, Damien A and Power, Jonathan D and Church, Jessica A and Nelson, Steven M and Wig, Gagan S and Vogel, Alecia C and Lessov-Schlaggar, Christina N and others},
	journal={Science},
	volume={329},
	number={5997},
	pages={1358--1361},
	year={2010},
	publisher={American Association for the Advancement of Science}
}

@article{craddock2013towards,
	title={Towards automated analysis of connectomes: The configurable pipeline for the analysis of connectomes (c-pac)},
	author={Craddock, C and Sikka, S and Cheung, B and Khanuja, R and Ghosh, SS and Yan, C and Li, Q and Lurie, D and Vogelstein, J and Burns, R and others},
	journal={Front Neuroinform},
	volume={42},
	year={2013}
}

@article{di2014autism,
	title={The autism brain imaging data exchange: towards a large-scale evaluation of the intrinsic brain architecture in autism},
	author={Di Martino, Adriana and Yan, Chao-Gan and Li, Qingyang and Denio, Erin and Castellanos, Francisco X and Alaerts, Kaat and Anderson, Jeffrey S and Assaf, Michal and Bookheimer, Susan Y and Dapretto, Mirella and others},
	journal={Molecular psychiatry},
	volume={19},
	number={6},
	pages={659--667},
	year={2014},
	publisher={Nature Publishing Group}
}

@article{seung2011neuroscience,
	title={Neuroscience: towards functional connectomics},
	author={Seung, H Sebastian},
	journal={Nature},
	volume={471},
	number={7337},
	pages={170--172},
	year={2011},
	publisher={Nature Publishing Group}
}

@article{smith2013resting,
	title={Resting-state fMRI in the human connectome project},
	author={Smith, Stephen M and Beckmann, Christian F and Andersson, Jesper and Auerbach, Edward J and Bijsterbosch, Janine and Douaud, Gwena{\"e}lle and Duff, Eugene and Feinberg, David A and Griffanti, Ludovica and Harms, Michael P and others},
	journal={Neuroimage},
	volume={80},
	pages={144--168},
	year={2013},
	publisher={Elsevier}
}

@article{milham2012adhd,
	title={The ADHD-200 consortium: a model to advance the translational potential of neuroimaging in clinical neuroscience},
	author={Milham, Michael P and Fair, Damien and Mennes, Maarten and Mostofsky, Stewart HMD and others},
	journal={Frontiers in systems neuroscience},
	volume={6},
	pages={62},
	year={2012},
	publisher={Frontiers}
}

@article{haar2014anatomical,
	title={Anatomical abnormalities in autism?},
	author={Haar, Shlomi and Berman, Sigal and Behrmann, Marlene and Dinstein, Ilan},
	journal={Cerebral Cortex},
	pages={bhu242},
	year={2014},
	publisher={Oxford Univ Press}
}

@article{nielsen2013multisite,
	title={Multisite functional connectivity MRI classification of autism: ABIDE results},
	author={Nielsen, Jared A and Zielinski, Brandon A and Fletcher, P Thomas and Alexander, Andrew L and Lange, Nicholas and Bigler, Erin D and Lainhart, Janet E and Anderson, Jeffrey S},
	year={2013}
}

@inproceedings{ghiassian2013learning,
	title={Learning to classify psychiatric disorders based on fMR images: Autism vs healthy and ADHD vs healthy},
	author={Ghiassian, Sina and Greiner, Russell and Jin, Ping and Brown, M},
	booktitle={Proceedings of 3rd NIPS Workshop on Machine Learning and Interpretation in NeuroImaging},
	year={2013}
}

@article{iidaka2015resting,
	title={Resting state functional magnetic resonance imaging and neural network classified autism and control},
	author={Iidaka, Tetsuya},
	journal={Cortex},
	volume={63},
	pages={55--67},
	year={2015},
	publisher={Elsevier}
}

@article{chen2016multivariate,
	title={Multivariate classification of autism spectrum disorder using frequency-specific resting-state functional connectivity—a multi-center study},
	author={Chen, Heng and Duan, Xujun and Liu, Feng and Lu, Fengmei and Ma, Xujing and Zhang, Youxue and Uddin, Lucina Q and Chen, Huafu},
	journal={Progress in Neuro-Psychopharmacology and Biological Psychiatry},
	volume={64},
	pages={1--9},
	year={2016},
	publisher={Elsevier}
}

@article{plitt2015functional,
	title={Functional connectivity classification of autism identifies highly predictive brain features but falls short of biomarker standards},
	author={Plitt, Mark and Barnes, Kelly Anne and Martin, Alex},
	journal={NeuroImage: Clinical},
	volume={7},
	pages={359--366},
	year={2015},
	publisher={Elsevier}
}

@article{chen2015diagnostic,
	title={Diagnostic classification of intrinsic functional connectivity highlights somatosensory, default mode, and visual regions in autism},
	author={Chen, Colleen P and Keown, Christopher L and Jahedi, Afrooz and Nair, Aarti and Pflieger, Mark E and Bailey, Barbara A and M{\"u}ller, Ralph-Axel},
	journal={NeuroImage: Clinical},
	volume={8},
	pages={238--245},
	year={2015},
	publisher={Elsevier}
}